@misc{crunchbase,
  TITLE = {Firebase | crunchbase},
  URL = {https://www.crunchbase.com/organization/firebase#/entity},
  NOTE = {Accessed: 2017-07-10}
}

@misc{beta,
  AUTHOR = {Michael Lehenbauer},
  TITLE = {The Firebase Blog: Developers, meet Firebase!},
  URL = {https://firebase.googleblog.com/2012/04/developers-meet-firebase.html},
  NOTE = {Accessed: 2017-07-10}
}

@misc{products,
  TITLE = {Firebase},
  URL = {https://firebase.google.com/products/},
  NOTE = {Accessed: 2017-07-10}
}

@misc{versions_android,
  TITLE = {Dashboards | Android Developers},
  URL = {https://developer.android.com/about/dashboards/index.html},
  NOTE = {Accessed: 2017-07-11}
}

@misc{versions_iOS,
  TITLE = {App Store - Support - Apple Developer},
  URL = {https://developer.apple.com/support/app-store/},
  NOTE = {Accessed: 2017-07-11}
}

@misc{autoID,
  TITLE = {FirebaseDatabase Framework Reference  |  Firebase},
  URL = {https://firebase.google.com/docs/reference/ios/firebasedatabase/api/reference/Classes/FIRDatabaseReference#/c:objc(cs)FIRDatabaseReference(im)childByAutoId},
  NOTE = {Accessed: 2017-07-15}
}

@misc{gMaps,
AUTHOR = {Nirav Mehta},
TITLE = {More ways to share your street smarts in Google Maps},
URL = {https://www.blog.google/products/maps/more-ways-to-share-your-street-smarts/},
NOTE = {Accessed: 2017-07-17}}

@misc{wheel,
  TITLE = {FAQ - News von Wheelmap.org},
  URL = {https://news.wheelmap.org/en/faq/},
  NOTE = {Accessed: 2017-07-15}
}

@misc{gAC,
  TITLE = {GoogleApiClient  |  Google APIs for Android
       |  Google Developers},
  URL = {https://developers.google.com/android/reference/com/google/android/gms/common/api/GoogleApiClient},
  NOTE = {Accessed: 2017-07-23}
}

@misc{fla,
  TITLE = {FusedLocationProviderApi  |  Google APIs for Android
       |  Google Developers},
  URL = {https://developers.google.com/android/reference/com/google/android/gms/location/FusedLocationProviderApi},
  NOTE = {Accessed: 2017-07-23}
}

@misc{story,
  TITLE = {Storyboard},
  URL = {https://developer.apple.com/library/content/documentation/General/Conceptual/Devpedia-CocoaApp/Storyboard.html},
  NOTE = {Accessed: 2017-07-23}
